@article{dummies,
  author =	 {Chancellor, Jeff and Nowadly, Craig and Williams,
                  Jacqueline and Aunon-Chancellor, Serena and Chesal,
                  Megan and Looper, Jayme and Newhauser, Wayne},
  year =	 {2021},
  month =	 {04},
  pages =	 {113-128},
  title =	 {Everything you wanted to know about space radiation
                  but were afraid to ask},
  volume =	 {39},
  journal =	 {Journal of environmental science and health. Part C,
                  Toxicology and carcinogenesis},
  doi =		 {10.1080/26896583.2021.1897273}
}


@article{risk,
  author =	 {Chancellor, Jeff and Scott, Graham and Sutton,
                  Jeffrey},
  year =	 {2014},
  month =	 {09},
  pages =	 {491-510},
  title =	 {Space Radiation: The Number One Risk to Astronaut
                  Health beyond Low Earth Orbit},
  volume =	 {4},
  journal =	 {Life : open access journal},
  doi =		 {10.3390/life4030491}
}

