@BOOK{Reihl,
title={Category Theory in Context},
author={Reihl, Emily},
isbn={9780486809038},
series={Aurora: Dover Modern Math Originalss},
year={2016},
publisher={Dover Publications}
}

@BOOK{Halmos,
title={Naive Set Theory},
author={Halmos, P.R},
ibsn=9780387900926,
series={Undergraduate Texts in Mathematics},
year=1998,
publisher={Springer New York}
}


